<?xml version="1.0"?>
<record xmlns="http://www.loc.gov/MARC21/slim">
  <leader>02367cjm a2200517Ii 4500</leader>
  <controlfield tag="001">a11354108</controlfield>
  <controlfield tag="003">SIRSI</controlfield>
  <controlfield tag="005">20150921003001.0</controlfield>
  <controlfield tag="007">sq zmnznnmznnb</controlfield>
  <controlfield tag="008">150729r19231913nyusunn           n zxx d</controlfield>
  <datafield ind1="0" ind2="2" tag="028">
    <subfield code="a">C2996</subfield>
    <subfield code="b">De Luxe Reproducing Roll Corporation</subfield>
  </datafield>
  <datafield ind1=" " ind2=" " tag="040">
    <subfield code="a">STF</subfield>
    <subfield code="b">eng</subfield>
    <subfield code="e">rda</subfield>
    <subfield code="c">STF</subfield>
    <subfield code="d">UtOrBLW</subfield>
  </datafield>
  <datafield ind1=" " ind2=" " tag="049">
    <subfield code="a">STFA</subfield>
  </datafield>
  <datafield ind1="1" ind2=" " tag="100">
    <subfield code="a">Tchaikovsky, Peter Ilich,</subfield>
    <subfield code="d">1840-1893,</subfield>
    <subfield code="e">composer.</subfield>
    <subfield code=" ">^A166868</subfield>
  </datafield>
  <datafield ind1="1" ind2="0" tag="240">
    <subfield code="a">Shchelkunchik.</subfield>
    <subfield code="k">Selections;</subfield>
    <subfield code="o">arranged</subfield>
    <subfield code=" ">^A166868</subfield>
  </datafield>
  <datafield ind1="1" ind2="4" tag="245">
    <subfield code="a">The nutcracker suite :</subfield>
    <subfield code="b">op. 71, part 2 /</subfield>
    <subfield code="c">Tschaikowsky.</subfield>
  </datafield>
  <datafield ind1=" " ind2="1" tag="264">
    <subfield code="a">N.Y. :</subfield>
    <subfield code="b">De Luxe Reproducing Roll Corp.,</subfield>
    <subfield code="c">[1923]</subfield>
  </datafield>
  <datafield ind1=" " ind2=" " tag="300">
    <subfield code="a">1 audio roll ;</subfield>
    <subfield code="c">12 1/4 in. x 2 3/4 in.</subfield>
  </datafield>
  <datafield ind1=" " ind2=" " tag="336">
    <subfield code="a">performed music</subfield>
    <subfield code="2">rdacontent</subfield>
  </datafield>
  <datafield ind1=" " ind2=" " tag="337">
    <subfield code="a">audio</subfield>
    <subfield code="2">rdamedia</subfield>
  </datafield>
  <datafield ind1=" " ind2=" " tag="338">
    <subfield code="a">audio roll</subfield>
    <subfield code="2">rdacarrier</subfield>
  </datafield>
  <datafield ind1=" " ind2=" " tag="344">
    <subfield code="a">analog</subfield>
    <subfield code="b">mechanical</subfield>
    <subfield code="c">tempo 65</subfield>
  </datafield>
  <datafield ind1="0" ind2="1" tag="382">
    <subfield code="a">piano</subfield>
    <subfield code="n">1</subfield>
    <subfield code="s">1</subfield>
    <subfield code="2">lcmpt</subfield>
  </datafield>
  <datafield ind1=" " ind2=" " tag="500">
    <subfield code="a">Title from roll.</subfield>
  </datafield>
  <datafield ind1="0" ind2=" " tag="511">
    <subfield code="a">Eugene d'Albert, piano.</subfield>
  </datafield>
  <datafield ind1=" " ind2=" " tag="500">
    <subfield code="a">Welte-Mignon licensee roll (T-98).</subfield>
  </datafield>
  <datafield ind1="0" ind2="0" tag="505">
    <subfield code="t">Danse chinoise --</subfield>
    <subfield code="t">Danse des mirlitons --</subfield>
    <subfield code="t">Valse des fleurs.</subfield>
  </datafield>
  <datafield ind1=" " ind2=" " tag="500">
    <subfield code="a">Originally released as a Welte-Mignon red roll, number 2996, issued in 1913.</subfield>
  </datafield>
  <datafield ind1="4" ind2=" " tag="510">
    <subfield code="a">Dangel, Gerhard &amp; Hans-W. Schmitz. Welte-Mignon Klavierrollen, 2006,</subfield>
    <subfield code="c">page 142.</subfield>
  </datafield>
  <datafield ind1=" " ind2="0" tag="650">
    <subfield code="a">Suites (Piano)</subfield>
    <subfield code="v">Excerpts, Arranged.</subfield>
    <subfield code=" ">^A1065729</subfield>
  </datafield>
  <datafield ind1=" " ind2="0" tag="650">
    <subfield code="a">Player piano rolls.</subfield>
    <subfield code=" ">^A1050086</subfield>
  </datafield>
  <datafield ind1=" " ind2="7" tag="655">
    <subfield code="a">Suites.</subfield>
    <subfield code="2">lcgft</subfield>
    <subfield code=" ">^A3344904</subfield>
  </datafield>
  <datafield ind1=" " ind2="7" tag="655">
    <subfield code="a">Excerpts.</subfield>
    <subfield code="2">lcgft</subfield>
    <subfield code=" ">^A3344823</subfield>
  </datafield>
  <datafield ind1=" " ind2="7" tag="655">
    <subfield code="a">Arrangements (Music)</subfield>
    <subfield code="2">lcgft</subfield>
    <subfield code=" ">^A3344913</subfield>
  </datafield>
  <datafield ind1=" " ind2="7" tag="655">
    <subfield code="a">Reproducing piano rolls.</subfield>
    <subfield code="2">local</subfield>
    <subfield code=" ">UNAUTHORIZED</subfield>
  </datafield>
  <datafield ind1="1" ind2=" " tag="700">
    <subfield code="a">Albert, Eugen d',</subfield>
    <subfield code="d">1864-1932,</subfield>
    <subfield code="e">instrumentalist.</subfield>
    <subfield code=" ">^A284304</subfield>
  </datafield>
  <datafield ind1="1" ind2="2" tag="700">
    <subfield code="i">Container of (work):</subfield>
    <subfield code="a">Tchaikovsky, Peter Ilich,</subfield>
    <subfield code="d">1840-1893.</subfield>
    <subfield code="t">Shchelkunchik.</subfield>
    <subfield code="p">Cha&#x12D;;</subfield>
    <subfield code="o">arranged.</subfield>
    <subfield code=" ">^A1882299</subfield>
  </datafield>
  <datafield ind1="1" ind2="2" tag="700">
    <subfield code="i">Container of (work):</subfield>
    <subfield code="a">Tchaikovsky, Peter Ilich,</subfield>
    <subfield code="d">1840-1893.</subfield>
    <subfield code="t">Shchelkunchik.</subfield>
    <subfield code="p">Tanet&#x361;s pastushkov;</subfield>
    <subfield code="o">arranged.</subfield>
    <subfield code=" ">^A1882725</subfield>
  </datafield>
  <datafield ind1="1" ind2="2" tag="700">
    <subfield code="i">Container of (work):</subfield>
    <subfield code="a">Tchaikovsky, Peter Ilich,</subfield>
    <subfield code="d">1840-1893.</subfield>
    <subfield code="t">Shchelkunchik.</subfield>
    <subfield code="p">Val&#x2B9;s t&#x361;svetov;</subfield>
    <subfield code="o">arranged.</subfield>
    <subfield code=" ">^A2247077</subfield>
  </datafield>
  <datafield ind1="2" ind2=" " tag="710">
    <subfield code="a">De Luxe Reproducing Roll Corporation,</subfield>
    <subfield code="e">publisher.</subfield>
    <subfield code=" ">^A3282154</subfield>
  </datafield>
  <datafield ind1=" " ind2=" " tag="916">
    <subfield code="a">DATE CATALOGED</subfield>
    <subfield code="b">20150730</subfield>
  </datafield>
  <datafield ind1=" " ind2=" " tag="994">
    <subfield code="a">C0</subfield>
    <subfield code="b">STF</subfield>
  </datafield>
  <datafield ind1=" " ind2="4" tag="690">
    <subfield code="a">Denis Condon Collection of Reproducing Pianos and Rolls.</subfield>
  </datafield>
  <datafield ind1=" " ind2=" " tag="596">
    <subfield code="a">31</subfield>
  </datafield>
  <datafield ind1=" " ind2=" " tag="035">
    <subfield code="a">(OCoLC-M)915107525</subfield>
  </datafield>
  <datafield ind1=" " ind2=" " tag="999">
    <subfield code="a">CONDON ROLL 715</subfield>
    <subfield code="w">ALPHANUM</subfield>
    <subfield code="c">1</subfield>
    <subfield code="i">36105225787279</subfield>
    <subfield code="l">PAGE-AS</subfield>
    <subfield code="m">SAL3</subfield>
    <subfield code="r">N</subfield>
    <subfield code="s">Y</subfield>
    <subfield code="t">NH-INHOUSE</subfield>
    <subfield code="u">7/30/2015</subfield>
  </datafield>
</record>
